% Examples at the end of the file
@online{ost-cybersec,
    author = "OST",
    title = "Studienschwerpunkte",
    year = "2022",
    url = "https://www.ost.ch/de/studium/informatik/bachelor-informatik/studieninhalt-und-aufbau/studienschwerpunkte",
    addendum = "(accessed: 04.11.2022)",
    keywords = "website"
}

@online{clockify,
    author = "Clockify",
    title = "Time Tracking Tool",
    year = "2021",
    url = "https://cybersecurityventures.com/jobs/",
    addendum = "(accessed: 09.11.2022)",
    keywords = "website"
}

@online{cybercrime-mag,
    author = "Steve Morgan",
    title = "Cybersecurity Jobs Report: 3.5 Million Openings In 2025",
    year = "2022",
    url = "https://clockify.me/",
    addendum = "(accessed: 04.11.2022)",
    keywords = "website"
}


% -------- EXAMPLES --------
% Keywords are not necessary but can be used to separte if wanted with \printbibliography[keyword={keyword}, title={Keyword related}]
@article{example-article,
    author = "Albert Einstein",
    title = "{Zur Elektrodynamik bewegter K{\"o}rper}. ({German})
    [{On} the electrodynamics of moving bodies]",
    journal = "Annalen der Physik",
    volume = "322",
    number = "10",
    pages = "891--921",
    year = "1905",
    DOI = "http://dx.doi.org/10.1002/andp.19053221004",
    keywords = "physics"
}

@book{example-book,
    title = {The Principles of Quantum Mechanics},
    author = {Paul Adrien Maurice Dirac},
    isbn = {9780198520115},
    series = {International series of monographs on physics},
    year = {1981},
    publisher = {Clarendon Press},
    keywords = {physics}
}

@online{example-online,
    author = "Donald Knuth",
    title = "Knuth: Computers and Typesetting",
    year = "2016",
    url  = "http://www-cs-faculty.stanford.edu/~uno/abcde.html",
    addendum = "(accessed: 01.09.2016)",
    keywords = "latex,knuth"
}